% This file was created with JabRef 2.10.
% Encoding: UTF-8


@Book{bellman1957,
  Title                    = {Dynamic Programming},
  Author                   = {Bellman, Richard},
  Publisher                = {Princeton University Press},
  Year                     = {1957},

  Address                  = {Princeton, NJ, USA},
  Edition                  = {1},

  Bib2html_rescat          = {General RL}
}

@Article{dayhoff1978,
  Title                    = {A model of Evolutionary Change in Proteins.},
  Author                   = {M.O. Dayhoff and R. Schwartz and B.C. Orcut},
  Journal                  = {Atlas of protein sequence and structure},
  Year                     = {1978},
  Note                     = {ISBN: 0-912466-07-3},
  Number                   = {3},
  Pages                    = {S. 345-358},
  Volume                   = {5.},

  Owner                    = {milk},
  Timestamp                = {2014.09.26}
}

@Book{durbin1998,
  Title                    = {Biological sequence analysis},
  Author                   = {R. Durbin and S.Eddy and A.Krogh and G. Mitchison},
  Editor                   = {Cambridge University Press},
  Publisher                = {Cambridge University Press},
  Year                     = {1998},

  Owner                    = {milk},
  Timestamp                = {2014.09.14}
}

@Article{harms2013,
  Title                    = {Platform-independent Trace-based Task Tree Generation},
  Author                   = {Harms,Patrick and Herbold,Steffen and Grabowski,Jens},
  Journal                  = {Noch keines},
  Year                     = {2013},

  Owner                    = {milk},
  Timestamp                = {2014.03.22}
}

@Article{herbold2013,
  Title                    = {AutoQUEST - Automated Quality Engineering of Event-driven Software},
  Author                   = {S. Herbold and P. Harms},
  Year                     = {2013},

  Owner                    = {milk},
  Timestamp                = {2014.09.21}
}

@Article{needleman1970,
  Title                    = {A general method applicable to search for similarities in the amino acid sequence of two proteins.},
  Author                   = {S.B. Needleman and C.D. Wunsch},
  Journal                  = {Journal of Molecular Biology},
  Year                     = {1970},
  Pages                    = {443-453},
  Volume                   = {48},

  Owner                    = {milk},
  Timestamp                = {2014.09.14}
}

@Article{waterman1981,
  Title                    = {Identification of Common Molecular Subsequences},
  Author                   = {Smith, Temple F.; and Waterman, Michael S.},
  Journal                  = {Journal of Molecular Biology},
  Year                     = {1981},
  Pages                    = {195-197},
  Volume                   = {147},

  Owner                    = {milk},
  Timestamp                = {2014.09.14}
}

